%% Journal article

@Article{li2021implementation,
  author    = {Li, Lang and Feng, Jingya and Liu, Botao and Guo, Ying and Li, Qiuping},
  journal   = {Frontiers of Information Technology \& Electronic Engineering},
  title     = {Implementation of PRINCE with resource-efficient structures based on FPGAs},
  year      = {2021},
  number    = {11},
  pages     = {1505--1516},
  volume    = {22},
  doi       = {10.1631/fitee.2000688},
  publisher = {Springer},
}

@Article{yang2023hardware,
  author    = {Yang, Gangqiang and Shi, Zhengyuan and Chen, Cheng and Xiong, Hailiang and Li, Fudong and Hu, Honggang and Wan, Zhiguo},
  journal   = {ACM Transactions on Reconfigurable Technology and Systems},
  title     = {Hardware Optimizations of Fruit-80 Stream Cipher: Smaller than Grain},
  year      = {2023},
  number    = {2},
  pages     = {1--32},
  volume    = {16},
  doi       = {10.1145/3569455},
  publisher = {ACM New York, NY},
}

@InProceedings{sadiah2023high,
  author       = {Sadiah, Shahidatul and Chun, Lee Jiah and Ismail, Ismahani and Rusli, Mohd Shahrizal and Syafiq, Mohd Usairy},
  booktitle    = {AIP Conference Proceedings},
  title        = {High-throughput and low-latency ASIC implementation of lightweight cryptography},
  year         = {2023},
  number       = {1},
  organization = {AIP Publishing},
  volume       = {2795},
  doi          = {10.1063/5.0121318},
}

@Article{khan2022area,
  author    = {Khan, Safiullah and Lee, Wai-Kong and Karmakar, Angshuman and Mera, Jose Maria Bermudo and Majeed, Abdul and Hwang, Seong Oun},
  journal   = {IEEE Internet of Things Journal},
  title     = {Area--Time Efficient Implementation of NIST Lightweight Hash Functions Targeting IoT Applications},
  year      = {2022},
  number    = {9},
  pages     = {8083--8095},
  volume    = {10},
  doi       = {10.1109/jiot.2022.3229516},
  publisher = {IEEE},
}

@Article{shahbazi2020area,
  author    = {Shahbazi, Karim and Ko, Seok-Bum},
  journal   = {IEEE Transactions on Very Large Scale Integration (VLSI) Systems},
  title     = {Area-efficient nano-AES implementation for Internet-of-Things devices},
  year      = {2020},
  number    = {1},
  pages     = {136--148},
  volume    = {29},
  doi       = {10.1109/tvlsi.2020.3033928},
  publisher = {IEEE},
}

@Article{bao2019peigen,
  author  = {Bao, Zhenzhen and Guo, Jian and Ling, San and Sasaki, Yu},
  journal = {IACR Transactions on Symmetric Cryptology},
  title   = {PEIGEN--a Platform for Evaluation, Implementation, and Generation of S-boxes},
  year    = {2019},
  pages   = {330--394},
  doi     = {10.46586/tosc.v2019.i1.330-394},
}

@Article{bib16,
  author  = {Feng, Jingya and Wei, Yongzhuang and Zhang, Fengrong and Pasalic, Enes and Zhou, Yu},
  journal = {IEEE Transactions on Circuits and Systems I: Regular Papers},
  title   = {Novel Optimized Implementations of Lightweight Cryptographic S-boxes via SAT Solvers},
  year    = {2023},
  doi     = {10.1109/tcsi.2023.3325559},
}

@article{DBLP:journals/tcas/Lara-NinoDM17,
  author       = {Carlos Andres Lara{-}Nino and
                  Arturo Diaz{-}Perez and
                  Miguel Morales{-}Sandoval},
  title        = {Lightweight Hardware Architectures for the Present Cipher in {FPGA}},
  journal      = {{IEEE} Trans. Circuits Syst. {I} Regul. Pap.},
  volume       = {64-I},
  number       = {9},
  pages        = {2544--2555},
  year         = {2017},
  url          = {https://doi.org/10.1109/TCSI.2017.2686783},
  doi          = {10.1109/TCSI.2017.2686783},
  timestamp    = {Sun, 22 Oct 2023 11:16:10 +0200},
  biburl       = {https://dblp.org/rec/journals/tcas/Lara-NinoDM17.bib},
  bibsource    = {dblp computer science bibliography, https://dblp.org}
}

@misc{cryptoeprint:2023/821,
  author       = {Vijay Dahiphale and Hrishikesh Raut and Gaurav Bansod and Devendra Dahiphale},
  title        = {Fast and Energy Efficient Implementation of PRIDE and PRESENT Ciphers on FPGA for IoT Applications},
  howpublished = {Cryptology ePrint Archive, Paper 2023/821},
  year         = {2023},
  note         = {\url{https://eprint.iacr.org/2023/821}},
  url          = {https://eprint.iacr.org/2023/821}
}

@InCollection{ghosh2017lightweight,
  author    = {Ghosh, Santosh and Misoczki, Rafael and Zhao, Li and Sastry, Manoj R},
  booktitle = {Proceedings of the Hardware and Architectural Support for Security and Privacy},
  title     = {Lightweight block cipher circuits for automotive and iot sensor devices},
  year      = {2017},
  pages     = {1--7},
  doi       = {10.1145/3092627.3092632},
}

@misc{xilinx2022ultrafast,
  title={UltraFast Design Methodology Guide for Xilinx FPGAs and SoCs: Super Logic Region},
  author={Xilinx, AMD},
  year={2022}
}

@Article{Mohajerani2020,
  author    = {Kamyar Mohajerani and Richard Haeussler and Rishub Nagpal and Farnoud Farahmand and Abubakr Abdulgadir and Jens{-}Peter Kaps and Kris Gaj},
  journal   = {{IACR} Cryptol. ePrint Arch.},
  title     = {{FPGA} Benchmarking of Round 2 Candidates in the {NIST} Lightweight Cryptography Standardization Process: Methodology, Metrics, Tools, and Results},
  year      = {2020},
  pages     = {1207},
  bibsource = {dblp computer science bibliography, https://dblp.org},
  biburl    = {https://dblp.org/rec/journals/iacr/MohajeraniHNFAK20.bib},
  url       = {https://eprint.iacr.org/2020/1207},
}

@Article{Nayancy2022,
  author    = {Nayancy and Sandip Dutta and Soubhik Chakraborty},
  journal   = {Journal of Discrete Mathematical Sciences and Cryptography},
  title     = {A survey on implementation of lightweight block ciphers for resource constraints devices},
  year      = {2022},
  issn      = {0972-0529},
  number    = {5},
  pages     = {1377-1398},
  volume    = {25},
  doi       = {10.1080/09720502.2020.1766764},
  keywords  = {Applied Mathematics, Algebra and Number Theory, Analysis},
  publisher = {Taru Publications},
}

@Misc{Turan,
  author    = {Meltem Sonmez Turan and Kerry McKay and Donghoon Chang and Lawrence E. Bassham and Jinkeon Kang and Noah D. Waller and John M. Kelsey and Deukjo Hong},
  title     = {Status report on the final round of the NIST lightweight cryptography standardization process},
  year      = {2023},
  doi       = {10.6028/nist.ir.8454},
  publisher = {National Institute of Standards and Technology (U.S.)},
}

@Article{Bharathi2022,
  author    = {Bharathi, R and Parvatham, N},
  journal   = {Intelligent Automation \& Soft Computing},
  title     = {Light-Weight Present Block Cipher Model for IoT Security on FPGA.},
  year      = {2022},
  issn      = {1079-8587},
  number    = {1},
  pages     = {35--49},
  volume    = {33},
  doi       = {10.32604/iasc.2022.020681},
  publisher = {Computers, Materials and Continua (Tech Science Press)},
}

@Article{Meneghello2019a,
  author    = {Francesca Meneghello and Matteo Calore and Daniel Zucchetto and Michele Polese and Andrea Zanella},
  journal   = {{IEEE} Internet Things J.},
  title     = {IoT: Internet of Threats? {A} Survey of Practical Security Vulnerabilities in Real IoT Devices},
  year      = {2019},
  number    = {5},
  pages     = {8182--8201},
  volume    = {6},
  bibsource = {dblp computer science bibliography, https://dblp.org},
  biburl    = {https://dblp.org/rec/journals/iotj/MeneghelloCZPZ19.bib},
  doi       = {10.1109/JIOT.2019.2935189},
}

@Article{Swessi2022,
  author    = {Dorsaf Swessi and Hanen Idoudi},
  journal   = {Wirel. Pers. Commun.},
  title     = {A Survey on Internet-of-Things Security: Threats and Emerging Countermeasures},
  year      = {2022},
  number    = {2},
  pages     = {1557--1592},
  volume    = {124},
  bibsource = {dblp computer science bibliography, https://dblp.org},
  biburl    = {https://dblp.org/rec/journals/wpc/SwessiI22.bib},
  doi       = {10.1007/S11277-021-09420-0},
}

@InProceedings{Banik2015a,
  author    = {Subhadeep Banik and Andrey Bogdanov and Takanori Isobe and Kyoji Shibutani and Harunaga Hiwatari and Toru Akishita and Francesco Regazzoni},
  booktitle = {Advances in Cryptology - {ASIACRYPT} 2015 - 21st International Conference on the Theory and Application of Cryptology and Information Security, Auckland, New Zealand, November 29 - December 3, 2015, Proceedings, Part {II}},
  title     = {Midori: {A} Block Cipher for Low Energy},
  year      = {2015},
  editor    = {Tetsu Iwata and Jung Hee Cheon},
  pages     = {411--436},
  publisher = {Springer},
  series    = {Lecture Notes in Computer Science},
  volume    = {9453},
  bibsource = {dblp computer science bibliography, https://dblp.org},
  biburl    = {https://dblp.org/rec/conf/asiacrypt/BanikBISHAR15.bib},
  doi       = {10.1007/978-3-662-48800-3\_{1}{7}},
  url       = {https://doi.org/10.1007/978-3-662-48800-3\_17},
}

@InProceedings{Guo2011,
  author    = {Jian Guo and Thomas Peyrin and Axel Poschmann and Matthew J. B. Robshaw},
  booktitle = {Cryptographic Hardware and Embedded Systems - {CHES} 2011 - 13th International Workshop, Nara, Japan, September 28 - October 1, 2011. Proceedings},
  title     = {The {LED} Block Cipher},
  year      = {2011},
  editor    = {Bart Preneel and Tsuyoshi Takagi},
  pages     = {326--341},
  publisher = {Springer},
  series    = {Lecture Notes in Computer Science},
  volume    = {6917},
  bibsource = {dblp computer science bibliography, https://dblp.org},
  biburl    = {https://dblp.org/rec/conf/ches/GuoPPR11.bib},
  doi       = {10.1007/978-3-642-23951-9\_{2}{2}},
  url       = {https://doi.org/10.1007/978-3-642-23951-9\_22},
}

@Article{Beierle2019,
  author    = {Christof Beierle and Gregor Leander and Amir Moradi and Shahram Rasoolzadeh},
  journal   = {{IACR} Trans. Symmetric Cryptol.},
  title     = {{CRAFT:} Lightweight Tweakable Block Cipher with Efficient Protection Against {DFA} Attacks},
  year      = {2019},
  number    = {1},
  pages     = {5--45},
  volume    = {2019},
  bibsource = {dblp computer science bibliography, https://dblp.org},
  biburl    = {https://dblp.org/rec/journals/tosc/BeierleLMR19.bib},
  doi       = {10.13154/TOSC.V2019.I1.5-45},
}

@InProceedings{Bogdanov2007,
  author    = {Andrey Bogdanov and Lars R. Knudsen and Gregor Leander and Christof Paar and Axel Poschmann and Matthew J. B. Robshaw and Yannick Seurin and C. Vikkelsoe},
  booktitle = {Cryptographic Hardware and Embedded Systems - {CHES} 2007, 9th International Workshop, Vienna, Austria, September 10-13, 2007, Proceedings},
  title     = {{PRESENT:} An Ultra-Lightweight Block Cipher},
  year      = {2007},
  editor    = {Pascal Paillier and Ingrid Verbauwhede},
  pages     = {450--466},
  publisher = {Springer},
  series    = {Lecture Notes in Computer Science},
  volume    = {4727},
  bibsource = {dblp computer science bibliography, https://dblp.org},
  biburl    = {https://dblp.org/rec/conf/ches/BogdanovKLPPRSV07.bib},
  doi       = {10.1007/978-3-540-74735-2\_{3}{1}},
  url       = {https://doi.org/10.1007/978-3-540-74735-2\_31},
}

@InProceedings{Banik2017,
  author    = {Subhadeep Banik and Sumit Kumar Pandey and Thomas Peyrin and Yu Sasaki and Siang Meng Sim and Yosuke Todo},
  booktitle = {Cryptographic Hardware and Embedded Systems - {CHES} 2017 - 19th International Conference, Taipei, Taiwan, September 25-28, 2017, Proceedings},
  title     = {{GIFT:} {A} Small Present - Towards Reaching the Limit of Lightweight Encryption},
  year      = {2017},
  editor    = {Wieland Fischer and Naofumi Homma},
  pages     = {321--345},
  publisher = {Springer},
  series    = {Lecture Notes in Computer Science},
  volume    = {10529},
  bibsource = {dblp computer science bibliography, https://dblp.org},
  biburl    = {https://dblp.org/rec/conf/ches/BanikPPSST17.bib},
  doi       = {10.1007/978-3-319-66787-4\_{1}{6}},
  url       = {https://doi.org/10.1007/978-3-319-66787-4\_16},
}

@Article{Li2016,
  author    = {Lang Li and Botao Liu and Hui Wang},
  journal   = {Microprocessors and Microsystems},
  title     = {QTL: A new ultra-lightweight block cipher},
  year      = {2016},
  issn      = {0141-9331},
  pages     = {45-55},
  volume    = {45},
  doi       = {10.1016/j.micpro.2016.03.011},
  keywords  = {Artificial Intelligence, Computer Networks and Communications, Hardware and Architecture, Software},
  publisher = {Elsevier BV},
}

@Article{Guo2021,
  author    = {Ying Guo and Lang Li and Botao Liu},
  journal   = {{IEEE} Internet Things J.},
  title     = {Shadow: {A} Lightweight Block Cipher for IoT Nodes},
  year      = {2021},
  number    = {16},
  pages     = {13014--13023},
  volume    = {8},
  bibsource = {dblp computer science bibliography, https://dblp.org},
  biburl    = {https://dblp.org/rec/journals/iotj/GuoLL21a.bib},
  doi       = {10.1109/JIOT.2021.3064203},
}

@Article{Huang2023,
  author    = {Xiantong Huang and Lang Li and Jinling Yang},
  journal   = {{IEEE} Syst. J.},
  title     = {{IVLBC:} An Involutive Lightweight Block Cipher for Internet of Things},
  year      = {2023},
  number    = {2},
  pages     = {3192--3203},
  volume    = {17},
  bibsource = {dblp computer science bibliography, https://dblp.org},
  biburl    = {https://dblp.org/rec/journals/sj/HuangLY23.bib},
  doi       = {10.1109/JSYST.2022.3227951},
}

@Article{Yang2022,
  author    = {Jinling Yang and Lang Li and Ying Guo and Xiantong Huang},
  journal   = {Integr.},
  title     = {{DULBC:} {A} dynamic ultra-lightweight block cipher with high-throughput},
  year      = {2022},
  pages     = {221--230},
  volume    = {87},
  bibsource = {dblp computer science bibliography, https://dblp.org},
  biburl    = {https://dblp.org/rec/journals/integration/YangLGH22.bib},
  doi       = {10.1016/J.VLSI.2022.07.011},
}

@Article{Song2024,
  author    = {Qingling Song and Lang Li and Xiantong Huang},
  journal   = {Internet of Things},
  title     = {LELBC: A low energy lightweight block cipher for smart agriculture},
  year      = {2024},
  issn      = {2542-6605},
  pages     = {101022},
  volume    = {25},
  doi       = {10.1016/j.iot.2023.101022},
  keywords  = {Management of Technology and Innovation, Artificial Intelligence, Computer Science Applications, Hardware and Architecture, Engineering (miscellaneous), Information Systems, Computer Science (miscellaneous), Software},
  publisher = {Elsevier BV},
}

@Article{Belkheyar2023,
  author    = {Yanis Belkheyar and Joan Daemen and Christoph Dobraunig and Santosh Ghosh and Shahram Rasoolzadeh},
  journal   = {{IACR} Trans. Cryptogr. Hardw. Embed. Syst.},
  title     = {BipBip: {A} Low-Latency Tweakable Block Cipher with Small Dimensions},
  year      = {2023},
  number    = {1},
  pages     = {326--368},
  volume    = {2023},
  bibsource = {dblp computer science bibliography, https://dblp.org},
  biburl    = {https://dblp.org/rec/journals/tches/BelkheyarDDGR23.bib},
  doi       = {10.46586/TCHES.V2023.I1.326-368},
}

@Article{Zakaria2023,
  author    = {Abdul Alif Zakaria and A. H. Azni and Farida Ridzuan and Nur Hafiza Zakaria and Maslina Daud},
  journal   = {J. King Saud Univ. Comput. Inf. Sci.},
  title     = {Systematic literature review: Trend analysis on the design of lightweight block cipher},
  year      = {2023},
  number    = {5},
  pages     = {101550},
  volume    = {35},
  bibsource = {dblp computer science bibliography, https://dblp.org},
  biburl    = {https://dblp.org/rec/journals/jksucis/ZakariaARZD23.bib},
  doi       = {10.1016/J.JKSUCI.2023.04.003},
}

@Comment{jabref-meta: databaseType:bibtex;}
