%% Journal article

@article{bib1,
  author  = {Li L, Feng J, Liu B, et al.},
  title   = {Implementation of PRINCE with resource-efficient structures based on FPGAs},
  journal = {Frontiers of Information Technology \& Electronic Engineering},
  volume  = {22},
  number  = {11},
  pages   = {1505-1516},
  year    = {2021}
}

@article{bib2,
  author  = {Yang G, Shi Z, Chen C, et al.},
  title   = {Hardware Optimizations of Fruit-80 Stream Cipher: Smaller than Grain},
  journal = {ACM Transactions on Reconfigurable Technology and Systems},
  volume  = {16},
  number  = {2},
  pages   = {1-32},
  year    = {2023}
}


@misc{bib4,
  author = {Sadiah S, Chun L J, Ismail I, et al.},
  title  = {High-throughput and low-latency ASIC implementation of lightweight cryptography},
  year   = {2023}
}

@article{bib5,
  author  = {Beierle C, Leander G, Moradi A.},
  title   = {CRAFT: lightweight tweakable block cipher with efficient protection against DFA attacks},
  journal = {IACR Transactions on Symmetric Cryptology},
  volume  = {1},
  pages   = {5-45},
  year    = {2019}
}

@article{bib6,
  author  = {Dahiphale V, Raut H, Bansod G, et al.},
  title   = {Fast and Energy Efficient Implementation of PRIDE and PRESENT Ciphers on FPGA for IoT Applications},
  journal = {Cryptology ePrint Archive},
  year    = {2023}
}


@article{bib7,
  author  = {Khan S, Lee W K, Karmakar A, et al.},
  title   = {Area–Time Efficient Implementation of NIST Lightweight Hash Functions Targeting IoT Applications},
  journal = {IEEE Internet of Things Journal},
  year    = {2022},
  number  = {9},
  volume  = {10},
  pages   = {8083-8095}
}

@misc{bib8,
  author = {Maene P, Verbauwhede I.},
  title  = {Single-cycle implementations of block ciphers},
  year   = {2015},
  note   = {\url{10.1007/978-3-319-29078-2_8}}
}

@article{bib9,
  author  = {Mohajerani K, Haeussler R, Nagpal R, et al.},
  title   = {FPGA benchmarking of round 2 candidates in the NIST lightweight cryptography standardization process: Methodology, metrics, tools, and results},
  journal = {Cryptology ePrint Archive},
  year    = {2020}
}


@article{bib10,
  author  = {Nayancy, Dutta S, Chakraborty S.},
  title   = {A survey on implementation of lightweight block ciphers for resource constraints devices},
  journal = {Journal of Discrete Mathematical Sciences and Cryptography},
  year    = {2022},
  volume  = {25},
  number  = {5},
  pages   = {1377-1398}
}

@article{bib11,
  author  = {Shahbazi K, Ko S B.},
  title   = {Area-efficient nano-AES implementation for Internet-of-Things devices},
  journal = {IEEE Transactions on Very Large Scale Integration (VLSI) Systems},
  year    = {2020},
  volume  = {29},
  number  = {1},
  pages   = {136-148}
}

@article{bib12,
  author  = {Bassham L, McKay K.},
  title   = {Submission requirements and evaluation criteria for the lightweight cryptography standardization process},
  journal = {US National Institute of Standards and Technology},
  year    = {2018}
}


@article{bib13,
  author  = {Sharma S, Kaushik B.},
  title   = {A survey on internet of vehicles: Applications, security issues \& solutions},
  journal = {Vehicular Communications},
  year    = {2019},
  volume  = {20},
  pages   = {100182}
}

@article{bib14,
  author  = {Oh Y, Jang K, Baksi A, et al.},
  title   = {Depth-Optimized Implementation of ASCON Quantum Circuit},
  journal = {Cryptology ePrint Archive},
  year    = {2023}
}


@article{bib15,
  author  = {Bao Z, Guo J, Ling S, et al.},
  title   = {PEIGEN–a Platform for Evaluation, Implementation, and Generation of S-boxes},
  doi     = {10.46586/tosc.v2019.i1.330-394},
  journal = {IACR Transactions on Symmetric Cryptology},
  pages   = {330-394},
  year    = {2019}
}


@article{bib16,
  author  = {Feng J,  Wei Y, Zhang F, et al.},
  title   = {Novel Optimized Implementations of Lightweight Cryptographic S-boxes via SAT Solvers},
  journal = {IEEE Transactions on Circuits and Systems I: Regular Papers},
  year    = {2023}
}

@article{bib17,
  author  = {Lara-Nino C A, Diaz-Perez A, Morales-Sandoval M.},
  title   = {Lightweight hardware architectures for the present cipher in FPGA},
  doi     = {10.46586/tosc.v2019.i1.330-394},
  journal = {IEEE Transactions on Circuits and Systems I: Regular Papers},
  volume  = {64},
  number  = {9},
  pages   = {2544-2555},
  year    = {2017}
}


%%============================================================================%%
%% while using chicago reference style, both abbreviated and expanded form of %%
%% author name format is acceptable. Refer below example for expanded form    %%
%%============================================================================%%

%%  author		= "{Cameron, Deborah}", - single author
%%  author		= "{Saito, Yukio} and {Hyuga, Hiroyuki}", - double author 

%%======================================%%
%% Example for author names with suffix %%
%%======================================%%

%%  author		= "{Price, R. A. Jr} and {Curry, N. {III}} and McCann, K. E. and 
%%					Fielding, J. L. and {Abercrombie, E. Jr}",